@conference{Woods85boundary,
	author    = "J. W. Woods and J. Biemond and A. M. Tekalp",
	title     = "Boundary value problem in image restoration",
	booktitle = "Proceedings of the IEEE International Conference on Acoustics,Speech, and Signal Processing",
	volume   = "10",
	pages    = "692-695",
	year      = "1985",
	month    = "April",
}
@article{Ng99afast,
	author = {Michael K. Ng and Raymond H. Chan and Wun-cheung Tang},
	title = {A Fast Algorithm for Deblurring Models with Neumann Boundary Conditions},
	journal = "SIAM Journal Of Scientific Computing",
	volume = "21",
	number = "3",
	pages = "851-866",
	month = "December",
	year = {1999}
}
@book{Fletcher00opt,
	author    = "R. Fletcher",
	title     = "Practical Methods of Optimization",
	publisher = "Wiley",
	address  = "New York",
	year      = "2000",
}
@book{Pap91opt,
	author    = "A. Papoulis",
	title     = "Probability Random Variables and Stochastic Processes",
	publisher = "McGraw-Hill",
	address  = "New York",
	year      = "1991",
}

@article{Richardson72RL,
	author = "W. H. Richardson",
	title = "Bayesian-based iterative method of image restoration",
	journal = "Journal of the Optical Society of America",
	volume = "62",
	number = "1",
	pages = "55-59",
	month = "January",
	year = "1972"
}

@article{Lucy74RL,
	author = "L. B. Lucy",
	title = "An iteration technique for the rectification of the obscured distribution",
	journal = "The Astronomical Journal",
	volume = "79",
	number = "6",
	pages = "745-754",
	month = "June",
	year = "1974"
}

@article{matlabpaper1,
	author = "David S. C. Biggs and Mark Andrews",
	title = "Acceleration of iterative image restoration algorithms",
	journal = "Applied Optics",
	volume = "36",
	number = "8",
	pages = "1766-1775",
	year = "1997"
	}

	
	
@incollection{matlabpaper2,
	author    = "R.J. Hanisch and R.L. White and R.L. Gilliland",
	title     = "Deconvolutions of Hubble Space Telescope Images and Spectra",
	booktitle = "Deconvolution of Images and Spectra",
	editor = "P.A. Jansson",
	publisher = "Academic Press",
	edition  = "2",
	address = "CA",
	year      = "1997"
}

@incollection{bookchapt2,
	author    = "Bahadir K. Gunturk",
	title     = "Fundamentals of Image Restoration",
	booktitle = "Image Restoration:Fundamentals and Advances",
	editor = "Bahadir K. Gunturk and Xin Li",
	pages = "25-61",
	publisher = "CRC Press",
	address = "Boca Raton",
	year      = "2013"
}

@article {Ber05boundary,
	author = "M. Bertero and P. Boccacci",
	title = " A simple method for the reduction of boundary effects in the Ricardson-Lucy approach to image deconvolution",
	journal = "Astronomy \& Astrophysics",
	pages  = "369-374",
	year = "2005"
}
@inproceedings{hanson1993introduction,
	title={Introduction to Bayesian image analysis},
	author={Hanson, Kenneth M},
	booktitle={Medical Imaging 1993},
	pages={716--731},
	year={1993},
	organization={International Society for Optics and Photonics}
}
@article{fish1995blind,
	title={Blind deconvolution by means of the Richardson--Lucy algorithm},
	author={Fish, DA and Brinicombe, AM and Pike, ER and Walker, JG},
	journal={JOSA A},
	volume={12},
	number={1},
	pages={58--65},
	year={1995},
	publisher={Optical Society of America}
}
@ARTICLE{Bi94conv,
	author = {H. Bi and G. Boerner},
	title = "{When does the Richardson-Lucy deconvolution converge?}",
	journal = "Astronomy and Astrophysics Suppl.",
	year = 1994,
	month = dec,
	volume = 108,
	pages = {409-415},
}
@book{lamport1985i1,
	title={I1 ($\backslash$ LaTeX)---A Document},
	author={Lamport, Leslie},
	volume={410},
	year={1985},
	publisher={pub-AW}
}
@book{MATLAB:2012,
	year = {2012},
	author = {MATLAB},
	title = {version 8.0.0.783 (R2012b)},
	publisher = {The MathWorks Inc.},
	address = {Natick, Massachusetts}
}